<record><leader>02132cas a2200469 a 4500</leader><controlfield tag="001">000505555</controlfield><controlfield tag="003">MiAaHDL</controlfield><controlfield tag="005">20100614000000.0</controlfield><controlfield tag="006">m        d        </controlfield><controlfield tag="007">cr bn ---auaua</controlfield><controlfield tag="008">750904d19651976dcuar1       f0   a0eng d</controlfield><datafield tag="010" ind1=" " ind2=" "><subfield code="a">67007980 </subfield><subfield code="z">sn 79003696</subfield></datafield><datafield tag="012" ind1=" " ind2=" "><subfield code="a">3</subfield><subfield code="b">3</subfield><subfield code="e">n</subfield><subfield code="i">8807</subfield><subfield code="j">0</subfield></datafield><datafield tag="019" ind1=" " ind2=" "><subfield code="a">445187</subfield><subfield code="a">1715394</subfield><subfield code="a">2267757</subfield><subfield code="a">14439753</subfield><subfield code="a">15672810</subfield></datafield><datafield tag="022" ind1="0" ind2=" "><subfield code="a">0096-8404</subfield></datafield><datafield tag="030" ind1=" " ind2=" "><subfield code="a">SMYRAD</subfield></datafield><datafield tag="035" ind1=" " ind2=" "><subfield code="a">sdr-ucsd.b2856392x</subfield></datafield><datafield tag="035" ind1=" " ind2=" "><subfield code="a">sdr-nrlf.b170156552</subfield></datafield><datafield tag="035" ind1=" " ind2=" "><subfield code="a">sdr-osu.b11507810</subfield></datafield><datafield tag="035" ind1=" " ind2=" "><subfield code="a">sdr-ucla42986</subfield></datafield><datafield tag="035" ind1=" " ind2=" "><subfield code="a">sdr-nrlfGLAD16899515-S</subfield></datafield><datafield tag="035" ind1=" " ind2=" "><subfield code="a">sdr-nrlf.b123189135</subfield></datafield><datafield tag="035" ind1=" " ind2=" "><subfield code="a">sdr-umn9913400600001701</subfield></datafield><datafield tag="035" ind1=" " ind2=" "><subfield code="a">sdr-miu.990005055550106381</subfield></datafield><datafield tag="040" ind1=" " ind2=" "><subfield code="a">UDI</subfield><subfield code="c">UDI</subfield><subfield code="d">NSD</subfield><subfield code="d">OCL</subfield><subfield code="d">NSD</subfield><subfield code="d">UDI</subfield><subfield code="d">NSD</subfield><subfield code="d">OCL</subfield><subfield code="d">m.c.</subfield><subfield code="d">MUL</subfield><subfield code="d">OCL</subfield><subfield code="d">RCS</subfield><subfield code="d">IUL</subfield><subfield code="d">OCL</subfield><subfield code="d">m/c</subfield><subfield code="d">IUL</subfield><subfield code="d">OCL</subfield><subfield code="d">DLC</subfield><subfield code="d">NST</subfield><subfield code="d">HUL</subfield><subfield code="d">DLC</subfield><subfield code="d">NSD</subfield><subfield code="d">OCL</subfield><subfield code="d">NST</subfield><subfield code="d">WAU</subfield><subfield code="d">DLC</subfield><subfield code="d">NST</subfield><subfield code="d">OCoLC</subfield></datafield><datafield tag="042" ind1=" " ind2=" "><subfield code="a">nsdp</subfield><subfield code="a">lc</subfield></datafield><datafield tag="050" ind1="0" ind2="0"><subfield code="a">Q11</subfield><subfield code="b">.S672</subfield></datafield><datafield tag="086" ind1="0" ind2=" "><subfield code="a">SI 1.1:</subfield></datafield><datafield tag="035" ind1=" " ind2=" "><subfield code="a">(OCoLC)1596988</subfield></datafield><datafield tag="035" ind1=" " ind2=" "><subfield code="a">(OCoLC)214547450</subfield></datafield><datafield tag="110" ind1="2" ind2=" "><subfield code="a">Smithsonian Institution</subfield></datafield><datafield tag="210" ind1="1" ind2=" "><subfield code="a">Smithson. year</subfield><subfield code="b">(1965)</subfield></datafield><datafield tag="222" ind1=" " ind2="0"><subfield code="a">Smithsonian year</subfield><subfield code="b">(1965)</subfield></datafield><datafield tag="240" ind1="1" ind2="0"><subfield code="a">Smithsonian year (1965)</subfield></datafield><datafield tag="245" ind1="1" ind2="0"><subfield code="a">Smithsonian year</subfield></datafield><datafield tag="260" ind1=" " ind2=" "><subfield code="a">Washington :</subfield><subfield code="b">Smithsonian Institution,</subfield><subfield code="c">1965-1977</subfield></datafield><datafield tag="300" ind1=" " ind2=" "><subfield code="a">12 v. :</subfield><subfield code="b">ill. ;</subfield><subfield code="c">24 cm</subfield></datafield><datafield tag="310" ind1=" " ind2=" "><subfield code="a">Annual</subfield></datafield><datafield tag="362" ind1="0" ind2=" "><subfield code="a">1965-1976</subfield></datafield><datafield tag="490" ind1="0" ind2=" "><subfield code="a">Smithsonian publication</subfield></datafield><datafield tag="538" ind1=" " ind2=" "><subfield code="a">Mode of access: Internet.</subfield></datafield><datafield tag="610" ind1="2" ind2="0"><subfield code="a">Smithsonian Institution</subfield><subfield code="v">Periodicals</subfield></datafield><datafield tag="780" ind1="1" ind2="4"><subfield code="a">United States National Museum.</subfield><subfield code="t">Annual report for the year ended June 30 ...</subfield><subfield code="x">0273-0243</subfield><subfield code="w">(DLC)   88640851</subfield><subfield code="w">(OCoLC)1380420</subfield></datafield><datafield tag="780" ind1="1" ind2="4"><subfield code="a">Smithsonian Institution.</subfield><subfield code="t">Report of the Secretary of the Smithsonian Institution and financial report of the Executive Committee of the Board of Regents ...</subfield><subfield code="w">(DLC)sn 88027402</subfield><subfield code="w">(OCoLC)4845012</subfield></datafield><datafield tag="780" ind1="1" ind2="4"><subfield code="a">Smithsonian Institution.  Board of Regents.</subfield><subfield code="t">Annual report of the Board of Regents of the Smithsonian Institution</subfield><subfield code="x">0096-4093</subfield><subfield code="w">(DLC)sn 79005950</subfield><subfield code="w">(OCoLC)1597256</subfield></datafield><datafield tag="785" ind1="1" ind2="6"><subfield code="a">Smithsonian Institution.</subfield><subfield code="t">Statement by the Secretary</subfield><subfield code="x">0147-2925</subfield><subfield code="w">(DLC)   77649523</subfield><subfield code="w">(OCoLC)3142743</subfield></datafield><datafield tag="785" ind1="1" ind2="6"><subfield code="a">Smithsonian Institution.</subfield><subfield code="t">Programs and activities - Smithsonian Institution</subfield><subfield code="x">0190-714X</subfield><subfield code="w">(DLC)   79640936</subfield><subfield code="w">(OCoLC)4058489</subfield></datafield><datafield tag="CID" ind1=" " ind2=" "><subfield code="a">000505555</subfield></datafield><datafield tag="DAT" ind1="0" ind2=" "><subfield code="a">20040625141532.0</subfield><subfield code="b">20100614000000.0</subfield></datafield><datafield tag="DAT" ind1="1" ind2=" "><subfield code="a">20120815114034.0</subfield><subfield code="b">2018-09-11T18:02:19Z</subfield></datafield><datafield tag="CAT" ind1=" " ind2=" "><subfield code="a">SDR-UCSD</subfield><subfield code="d">III - MILLENIUM</subfield><subfield code="l">loader.pl-001-001</subfield></datafield><datafield tag="FMT" ind1=" " ind2=" "><subfield code="a">SE</subfield></datafield><datafield tag="HOL" ind1=" " ind2=" "><subfield code="0">sdr-ucsd.b2856392x</subfield><subfield code="a">uc1</subfield><subfield code="b">SDR</subfield><subfield code="c">UCSD</subfield><subfield code="p">uc1.31822009441387</subfield><subfield code="s">UC</subfield><subfield code="z">1985</subfield><subfield code="1">.b2856392x</subfield></datafield><datafield tag="974" ind1=" " ind2=" "><subfield code="b">UC</subfield><subfield code="c">UCSD</subfield><subfield code="d">20180911</subfield><subfield code="s">google</subfield><subfield code="u">uc1.31822009441387</subfield><subfield code="z">1985</subfield><subfield code="y">1985</subfield><subfield code="r">ic</subfield><subfield code="q">bib</subfield><subfield code="t">US fed doc--smithsonian: pubdate &gt;= 1927</subfield></datafield><datafield tag="974" ind1=" " ind2=" "><subfield code="b">UC</subfield><subfield code="c">UCSD</subfield><subfield code="d">20190621</subfield><subfield code="s">google</subfield><subfield code="u">uc1.31822009679531</subfield><subfield code="z">1966</subfield><subfield code="y">1966</subfield><subfield code="r">ic</subfield><subfield code="q">bib</subfield><subfield code="t">US fed doc--smithsonian: pubdate &gt;= 1927</subfield></datafield><datafield tag="974" ind1=" " ind2=" "><subfield code="b">UC</subfield><subfield code="c">UCSD</subfield><subfield code="d">20180928</subfield><subfield code="s">google</subfield><subfield code="u">uc1.31822009679549</subfield><subfield code="z">1965</subfield><subfield code="y">1965</subfield><subfield code="r">ic</subfield><subfield code="q">bib</subfield><subfield code="t">US fed doc--smithsonian: pubdate &gt;= 1927</subfield></datafield><datafield tag="974" ind1=" " ind2=" "><subfield code="b">UC</subfield><subfield code="c">UCSD</subfield><subfield code="d">20180912</subfield><subfield code="s">google</subfield><subfield code="u">uc1.31822009679556</subfield><subfield code="z">1967</subfield><subfield code="y">1967</subfield><subfield code="r">ic</subfield><subfield code="q">bib</subfield><subfield code="t">US fed doc--smithsonian: pubdate &gt;= 1927</subfield></datafield><datafield tag="974" ind1=" " ind2=" "><subfield code="b">UC</subfield><subfield code="c">UCSD</subfield><subfield code="d">20180912</subfield><subfield code="s">google</subfield><subfield code="u">uc1.31822009679564</subfield><subfield code="z">1968</subfield><subfield code="y">1968</subfield><subfield code="r">ic</subfield><subfield code="q">bib</subfield><subfield code="t">US fed doc--smithsonian: pubdate &gt;= 1927</subfield></datafield><datafield tag="974" ind1=" " ind2=" "><subfield code="b">UC</subfield><subfield code="c">UCSD</subfield><subfield code="d">20180912</subfield><subfield code="s">google</subfield><subfield code="u">uc1.31822009679572</subfield><subfield code="z">1969</subfield><subfield code="y">1969</subfield><subfield code="r">ic</subfield><subfield code="q">bib</subfield><subfield code="t">US fed doc--smithsonian: pubdate &gt;= 1927</subfield></datafield><datafield tag="974" ind1=" " ind2=" "><subfield code="b">UC</subfield><subfield code="c">UCSD</subfield><subfield code="d">20190621</subfield><subfield code="s">google</subfield><subfield code="u">uc1.31822009679580</subfield><subfield code="z">1970-1971</subfield><subfield code="y">1971</subfield><subfield code="r">ic</subfield><subfield code="q">bib</subfield><subfield code="t">US fed doc--smithsonian: pubdate &gt;= 1927</subfield></datafield><datafield tag="974" ind1=" " ind2=" "><subfield code="b">UC</subfield><subfield code="c">UCSD</subfield><subfield code="d">20180912</subfield><subfield code="s">google</subfield><subfield code="u">uc1.31822009679598</subfield><subfield code="z">1972</subfield><subfield code="y">1972</subfield><subfield code="r">ic</subfield><subfield code="q">bib</subfield><subfield code="t">US fed doc--smithsonian: pubdate &gt;= 1927</subfield></datafield><datafield tag="974" ind1=" " ind2=" "><subfield code="b">UC</subfield><subfield code="c">UCSD</subfield><subfield code="d">20180912</subfield><subfield code="s">google</subfield><subfield code="u">uc1.31822009679606</subfield><subfield code="z">1973</subfield><subfield code="y">1973</subfield><subfield code="r">ic</subfield><subfield code="q">bib</subfield><subfield code="t">US fed doc--smithsonian: pubdate &gt;= 1927</subfield></datafield><datafield tag="974" ind1=" " ind2=" "><subfield code="b">UC</subfield><subfield code="c">UCSD</subfield><subfield code="d">20180912</subfield><subfield code="s">google</subfield><subfield code="u">uc1.31822009679614</subfield><subfield code="z">1974</subfield><subfield code="y">1974</subfield><subfield code="r">ic</subfield><subfield code="q">bib</subfield><subfield code="t">US fed doc--smithsonian: pubdate &gt;= 1927</subfield></datafield><datafield tag="974" ind1=" " ind2=" "><subfield code="b">UC</subfield><subfield code="c">UCSD</subfield><subfield code="d">20180912</subfield><subfield code="s">google</subfield><subfield code="u">uc1.31822009679622</subfield><subfield code="z">1975</subfield><subfield code="y">1975</subfield><subfield code="r">ic</subfield><subfield code="q">bib</subfield><subfield code="t">US fed doc--smithsonian: pubdate &gt;= 1927</subfield></datafield><datafield tag="974" ind1=" " ind2=" "><subfield code="b">UC</subfield><subfield code="c">UCSD</subfield><subfield code="d">20180911</subfield><subfield code="s">google</subfield><subfield code="u">uc1.31822009680893</subfield><subfield code="z">1976</subfield><subfield code="y">1976</subfield><subfield code="r">ic</subfield><subfield code="q">bib</subfield><subfield code="t">US fed doc--smithsonian: pubdate &gt;= 1927</subfield></datafield><datafield tag="974" ind1=" " ind2=" "><subfield code="b">UC</subfield><subfield code="c">UCSD</subfield><subfield code="d">20180304</subfield><subfield code="s">google</subfield><subfield code="u">uc1.31822009680901</subfield><subfield code="z">1977-1979</subfield><subfield code="y">1979</subfield><subfield code="r">ic</subfield><subfield code="q">bib</subfield><subfield code="t">US fed doc--smithsonian: pubdate &gt;= 1927</subfield></datafield><datafield tag="974" ind1=" " ind2=" "><subfield code="b">UC</subfield><subfield code="c">UCSD</subfield><subfield code="d">20190629</subfield><subfield code="s">google</subfield><subfield code="u">uc1.31822009680919</subfield><subfield code="z">1980</subfield><subfield code="y">1980</subfield><subfield code="r">ic</subfield><subfield code="q">bib</subfield><subfield code="t">US fed doc--smithsonian: pubdate &gt;= 1927</subfield></datafield><datafield tag="974" ind1=" " ind2=" "><subfield code="b">UC</subfield><subfield code="c">UCSD</subfield><subfield code="d">20180912</subfield><subfield code="s">google</subfield><subfield code="u">uc1.31822009680927</subfield><subfield code="z">1981</subfield><subfield code="y">1981</subfield><subfield code="r">ic</subfield><subfield code="q">bib</subfield><subfield code="t">US fed doc--smithsonian: pubdate &gt;= 1927</subfield></datafield><datafield tag="974" ind1=" " ind2=" "><subfield code="b">UC</subfield><subfield code="c">UCSD</subfield><subfield code="d">20180928</subfield><subfield code="s">google</subfield><subfield code="u">uc1.31822009680935</subfield><subfield code="z">1982</subfield><subfield code="y">1982</subfield><subfield code="r">ic</subfield><subfield code="q">bib</subfield><subfield code="t">US fed doc--smithsonian: pubdate &gt;= 1927</subfield></datafield><datafield tag="974" ind1=" " ind2=" "><subfield code="b">UC</subfield><subfield code="c">UCSD</subfield><subfield code="d">20180912</subfield><subfield code="s">google</subfield><subfield code="u">uc1.31822009680943</subfield><subfield code="z">1983</subfield><subfield code="y">1983</subfield><subfield code="r">ic</subfield><subfield code="q">bib</subfield><subfield code="t">US fed doc--smithsonian: pubdate &gt;= 1927</subfield></datafield><datafield tag="974" ind1=" " ind2=" "><subfield code="b">UC</subfield><subfield code="c">UCSD</subfield><subfield code="d">20190629</subfield><subfield code="s">google</subfield><subfield code="u">uc1.31822009680950</subfield><subfield code="z">1984</subfield><subfield code="y">1984</subfield><subfield code="r">ic</subfield><subfield code="q">bib</subfield><subfield code="t">US fed doc--smithsonian: pubdate &gt;= 1927</subfield></datafield><datafield tag="974" ind1=" " ind2=" "><subfield code="b">UC</subfield><subfield code="c">NRLF</subfield><subfield code="d">20181223</subfield><subfield code="s">google</subfield><subfield code="u">uc1.$b780728</subfield><subfield code="z">1968</subfield><subfield code="y">1968</subfield><subfield code="r">ic</subfield><subfield code="q">bib</subfield><subfield code="t">US fed doc--smithsonian: pubdate &gt;= 1927</subfield></datafield><datafield tag="974" ind1=" " ind2=" "><subfield code="b">UC</subfield><subfield code="c">NRLF</subfield><subfield code="d">20181223</subfield><subfield code="s">google</subfield><subfield code="u">uc1.$b780729</subfield><subfield code="z">1969</subfield><subfield code="y">1969</subfield><subfield code="r">ic</subfield><subfield code="q">bib</subfield><subfield code="t">US fed doc--smithsonian: pubdate &gt;= 1927</subfield></datafield><datafield tag="974" ind1=" " ind2=" "><subfield code="b">UC</subfield><subfield code="c">NRLF</subfield><subfield code="d">20181223</subfield><subfield code="s">google</subfield><subfield code="u">uc1.$b780730</subfield><subfield code="z">1970</subfield><subfield code="y">1970</subfield><subfield code="r">ic</subfield><subfield code="q">bib</subfield><subfield code="t">US fed doc--smithsonian: pubdate &gt;= 1927</subfield></datafield><datafield tag="974" ind1=" " ind2=" "><subfield code="b">UC</subfield><subfield code="c">NRLF</subfield><subfield code="d">20181223</subfield><subfield code="s">google</subfield><subfield code="u">uc1.$b780731</subfield><subfield code="z">1971</subfield><subfield code="y">1971</subfield><subfield code="r">ic</subfield><subfield code="q">bib</subfield><subfield code="t">US fed doc--smithsonian: pubdate &gt;= 1927</subfield></datafield><datafield tag="974" ind1=" " ind2=" "><subfield code="b">UC</subfield><subfield code="c">NRLF</subfield><subfield code="d">20181223</subfield><subfield code="s">google</subfield><subfield code="u">uc1.$b780732</subfield><subfield code="z">1972</subfield><subfield code="y">1972</subfield><subfield code="r">ic</subfield><subfield code="q">bib</subfield><subfield code="t">US fed doc--smithsonian: pubdate &gt;= 1927</subfield></datafield><datafield tag="974" ind1=" " ind2=" "><subfield code="b">UC</subfield><subfield code="c">NRLF</subfield><subfield code="d">20181223</subfield><subfield code="s">google</subfield><subfield code="u">uc1.$b780733</subfield><subfield code="z">1973</subfield><subfield code="y">1973</subfield><subfield code="r">ic</subfield><subfield code="q">bib</subfield><subfield code="t">US fed doc--smithsonian: pubdate &gt;= 1927</subfield></datafield><datafield tag="974" ind1=" " ind2=" "><subfield code="b">UC</subfield><subfield code="c">NRLF</subfield><subfield code="d">20181223</subfield><subfield code="s">google</subfield><subfield code="u">uc1.$b780734</subfield><subfield code="z">1974</subfield><subfield code="y">1974</subfield><subfield code="r">ic</subfield><subfield code="q">bib</subfield><subfield code="t">US fed doc--smithsonian: pubdate &gt;= 1927</subfield></datafield><datafield tag="974" ind1=" " ind2=" "><subfield code="b">UC</subfield><subfield code="c">NRLF</subfield><subfield code="d">20181223</subfield><subfield code="s">google</subfield><subfield code="u">uc1.$b780735</subfield><subfield code="z">1975</subfield><subfield code="y">1975</subfield><subfield code="r">ic</subfield><subfield code="q">bib</subfield><subfield code="t">US fed doc--smithsonian: pubdate &gt;= 1927</subfield></datafield><datafield tag="974" ind1=" " ind2=" "><subfield code="b">UC</subfield><subfield code="c">NRLF</subfield><subfield code="d">20181223</subfield><subfield code="s">google</subfield><subfield code="u">uc1.$b780736</subfield><subfield code="z">1976</subfield><subfield code="y">1976</subfield><subfield code="r">ic</subfield><subfield code="q">bib</subfield><subfield code="t">US fed doc--smithsonian: pubdate &gt;= 1927</subfield></datafield><datafield tag="974" ind1=" " ind2=" "><subfield code="b">OU</subfield><subfield code="c">OSU</subfield><subfield code="d">20210119</subfield><subfield code="s">google</subfield><subfield code="u">osu.32435068073089</subfield><subfield code="z">1965 1964-1965</subfield><subfield code="y">1965</subfield><subfield code="r">ic</subfield><subfield code="q">bib</subfield><subfield code="t">US fed doc--smithsonian: pubdate &gt;= 1927</subfield></datafield><datafield tag="974" ind1=" " ind2=" "><subfield code="b">OU</subfield><subfield code="c">OSU</subfield><subfield code="d">20200905</subfield><subfield code="s">google</subfield><subfield code="u">osu.32435025180316</subfield><subfield code="z">1965-1966</subfield><subfield code="y">1966</subfield><subfield code="r">ic</subfield><subfield code="q">bib</subfield><subfield code="t">US fed doc--smithsonian: pubdate &gt;= 1927</subfield></datafield><datafield tag="974" ind1=" " ind2=" "><subfield code="b">OU</subfield><subfield code="c">OSU</subfield><subfield code="d">20201006</subfield><subfield code="s">google</subfield><subfield code="u">osu.32435064212061</subfield><subfield code="z">1966-67 1966-1967</subfield><subfield code="y">1967</subfield><subfield code="r">ic</subfield><subfield code="q">bib</subfield><subfield code="t">US fed doc--smithsonian: pubdate &gt;= 1927</subfield></datafield><datafield tag="974" ind1=" " ind2=" "><subfield code="b">OU</subfield><subfield code="c">OSU</subfield><subfield code="d">20191119</subfield><subfield code="s">google</subfield><subfield code="u">osu.32435025180308</subfield><subfield code="z">1967</subfield><subfield code="y">1967</subfield><subfield code="r">ic</subfield><subfield code="q">bib</subfield><subfield code="t">US fed doc--smithsonian: pubdate &gt;= 1927</subfield></datafield><datafield tag="974" ind1=" " ind2=" "><subfield code="b">OU</subfield><subfield code="c">OSU</subfield><subfield code="d">20191119</subfield><subfield code="s">google</subfield><subfield code="u">osu.32435025180290</subfield><subfield code="z">1968</subfield><subfield code="y">1968</subfield><subfield code="r">ic</subfield><subfield code="q">bib</subfield><subfield code="t">US fed doc--smithsonian: pubdate &gt;= 1927</subfield></datafield><datafield tag="974" ind1=" " ind2=" "><subfield code="b">OU</subfield><subfield code="c">OSU</subfield><subfield code="d">20191119</subfield><subfield code="s">google</subfield><subfield code="u">osu.32435025180282</subfield><subfield code="z">1969</subfield><subfield code="y">1969</subfield><subfield code="r">ic</subfield><subfield code="q">bib</subfield><subfield code="t">US fed doc--smithsonian: pubdate &gt;= 1927</subfield></datafield><datafield tag="974" ind1=" " ind2=" "><subfield code="b">OU</subfield><subfield code="c">OSU</subfield><subfield code="d">20191119</subfield><subfield code="s">google</subfield><subfield code="u">osu.32435025180274</subfield><subfield code="z">1970-1971</subfield><subfield code="y">1971</subfield><subfield code="r">ic</subfield><subfield code="q">bib</subfield><subfield code="t">US fed doc--smithsonian: pubdate &gt;= 1927</subfield></datafield><datafield tag="974" ind1=" " ind2=" "><subfield code="b">OU</subfield><subfield code="c">OSU</subfield><subfield code="d">20191119</subfield><subfield code="s">google</subfield><subfield code="u">osu.32435025180266</subfield><subfield code="z">1972-74</subfield><subfield code="y">1974</subfield><subfield code="r">ic</subfield><subfield code="q">bib</subfield><subfield code="t">US fed doc--smithsonian: pubdate &gt;= 1927</subfield></datafield><datafield tag="974" ind1=" " ind2=" "><subfield code="b">OU</subfield><subfield code="c">OSU</subfield><subfield code="d">20191119</subfield><subfield code="s">google</subfield><subfield code="u">osu.32435025180258</subfield><subfield code="z">1975-76</subfield><subfield code="y">1976</subfield><subfield code="r">ic</subfield><subfield code="q">bib</subfield><subfield code="t">US fed doc--smithsonian: pubdate &gt;= 1927</subfield></datafield><datafield tag="974" ind1=" " ind2=" "><subfield code="b">UC</subfield><subfield code="c">UCLA</subfield><subfield code="d">20190807</subfield><subfield code="s">google</subfield><subfield code="u">uc1.l0078502465</subfield><subfield code="z">yr.1989/90</subfield><subfield code="y">1990</subfield><subfield code="r">ic</subfield><subfield code="q">bib</subfield><subfield code="t">US fed doc--smithsonian: pubdate &gt;= 1927</subfield></datafield><datafield tag="974" ind1=" " ind2=" "><subfield code="b">UC</subfield><subfield code="c">UCLA</subfield><subfield code="d">20190807</subfield><subfield code="s">google</subfield><subfield code="u">uc1.l0078502473</subfield><subfield code="z">yr.1990/91</subfield><subfield code="y">1991</subfield><subfield code="r">ic</subfield><subfield code="q">bib</subfield><subfield code="t">US fed doc--smithsonian: pubdate &gt;= 1927</subfield></datafield><datafield tag="974" ind1=" " ind2=" "><subfield code="b">UC</subfield><subfield code="c">NRLF</subfield><subfield code="d">20200529</subfield><subfield code="s">google</subfield><subfield code="u">uc1.b4237789</subfield><subfield code="z">1974</subfield><subfield code="y">1974</subfield><subfield code="r">ic</subfield><subfield code="q">bib</subfield><subfield code="t">US fed doc--smithsonian: pubdate &gt;= 1927</subfield></datafield><datafield tag="974" ind1=" " ind2=" "><subfield code="b">UC</subfield><subfield code="c">NRLF</subfield><subfield code="d">20200601</subfield><subfield code="s">google</subfield><subfield code="u">uc1.b4237790</subfield><subfield code="z">1975</subfield><subfield code="y">1975</subfield><subfield code="r">ic</subfield><subfield code="q">bib</subfield><subfield code="t">US fed doc--smithsonian: pubdate &gt;= 1927</subfield></datafield><datafield tag="974" ind1=" " ind2=" "><subfield code="b">UC</subfield><subfield code="c">NRLF</subfield><subfield code="d">20200601</subfield><subfield code="s">google</subfield><subfield code="u">uc1.b4237791</subfield><subfield code="z">1976</subfield><subfield code="y">1976</subfield><subfield code="r">ic</subfield><subfield code="q">bib</subfield><subfield code="t">US fed doc--smithsonian: pubdate &gt;= 1927</subfield></datafield><datafield tag="974" ind1=" " ind2=" "><subfield code="b">UC</subfield><subfield code="c">NRLF</subfield><subfield code="d">20191102</subfield><subfield code="s">google</subfield><subfield code="u">uc1.b3664954</subfield><subfield code="z">1965</subfield><subfield code="y">1965</subfield><subfield code="r">ic</subfield><subfield code="q">bib</subfield><subfield code="t">US fed doc--smithsonian: pubdate &gt;= 1927</subfield></datafield><datafield tag="974" ind1=" " ind2=" "><subfield code="b">UC</subfield><subfield code="c">NRLF</subfield><subfield code="d">20191103</subfield><subfield code="s">google</subfield><subfield code="u">uc1.b3664955</subfield><subfield code="z">1966</subfield><subfield code="y">1966</subfield><subfield code="r">ic</subfield><subfield code="q">bib</subfield><subfield code="t">US fed doc--smithsonian: pubdate &gt;= 1927</subfield></datafield><datafield tag="974" ind1=" " ind2=" "><subfield code="b">UC</subfield><subfield code="c">NRLF</subfield><subfield code="d">20191102</subfield><subfield code="s">google</subfield><subfield code="u">uc1.b3664956</subfield><subfield code="z">1967</subfield><subfield code="y">1967</subfield><subfield code="r">ic</subfield><subfield code="q">bib</subfield><subfield code="t">US fed doc--smithsonian: pubdate &gt;= 1927</subfield></datafield><datafield tag="974" ind1=" " ind2=" "><subfield code="b">UC</subfield><subfield code="c">NRLF</subfield><subfield code="d">20190617</subfield><subfield code="s">google</subfield><subfield code="u">uc1.b3084300</subfield><subfield code="z">1965-66</subfield><subfield code="y">1966</subfield><subfield code="r">ic</subfield><subfield code="q">bib</subfield><subfield code="t">US fed doc--smithsonian: pubdate &gt;= 1927</subfield></datafield><datafield tag="974" ind1=" " ind2=" "><subfield code="b">UC</subfield><subfield code="c">NRLF</subfield><subfield code="d">20200818</subfield><subfield code="s">google</subfield><subfield code="u">uc1.b3084301</subfield><subfield code="z">1967</subfield><subfield code="y">1967</subfield><subfield code="r">ic</subfield><subfield code="q">bib</subfield><subfield code="t">US fed doc--smithsonian: pubdate &gt;= 1927</subfield></datafield><datafield tag="974" ind1=" " ind2=" "><subfield code="b">UC</subfield><subfield code="c">NRLF</subfield><subfield code="d">20190627</subfield><subfield code="s">google</subfield><subfield code="u">uc1.b3084302</subfield><subfield code="z">1968</subfield><subfield code="y">1968</subfield><subfield code="r">ic</subfield><subfield code="q">bib</subfield><subfield code="t">US fed doc--smithsonian: pubdate &gt;= 1927</subfield></datafield><datafield tag="974" ind1=" " ind2=" "><subfield code="b">UC</subfield><subfield code="c">NRLF</subfield><subfield code="d">20190627</subfield><subfield code="s">google</subfield><subfield code="u">uc1.b3084303</subfield><subfield code="z">1969</subfield><subfield code="y">1969</subfield><subfield code="r">ic</subfield><subfield code="q">bib</subfield><subfield code="t">US fed doc--smithsonian: pubdate &gt;= 1927</subfield></datafield><datafield tag="974" ind1=" " ind2=" "><subfield code="b">UC</subfield><subfield code="c">NRLF</subfield><subfield code="d">20180719</subfield><subfield code="s">google</subfield><subfield code="u">uc1.b3084304</subfield><subfield code="z">1970-71</subfield><subfield code="y">1971</subfield><subfield code="r">ic</subfield><subfield code="q">bib</subfield><subfield code="t">US fed doc--smithsonian: pubdate &gt;= 1927</subfield></datafield><datafield tag="974" ind1=" " ind2=" "><subfield code="b">UC</subfield><subfield code="c">NRLF</subfield><subfield code="d">20180722</subfield><subfield code="s">google</subfield><subfield code="u">uc1.b3084305</subfield><subfield code="z">1972-73</subfield><subfield code="y">1973</subfield><subfield code="r">ic</subfield><subfield code="q">bib</subfield><subfield code="t">US fed doc--smithsonian: pubdate &gt;= 1927</subfield></datafield><datafield tag="974" ind1=" " ind2=" "><subfield code="b">UMN</subfield><subfield code="c">UMN</subfield><subfield code="d">20190222</subfield><subfield code="s">google</subfield><subfield code="u">umn.31951d00559399w</subfield><subfield code="z">1973-74</subfield><subfield code="y">1974</subfield><subfield code="r">ic</subfield><subfield code="q">bib</subfield><subfield code="t">US fed doc--smithsonian: pubdate &gt;= 1927</subfield></datafield><datafield tag="974" ind1=" " ind2=" "><subfield code="b">UMN</subfield><subfield code="c">UMN</subfield><subfield code="d">20190222</subfield><subfield code="s">google</subfield><subfield code="u">umn.31951d00559398y</subfield><subfield code="z">1970-72</subfield><subfield code="y">1972</subfield><subfield code="r">ic</subfield><subfield code="q">bib</subfield><subfield code="t">US fed doc--smithsonian: pubdate &gt;= 1927</subfield></datafield><datafield tag="974" ind1=" " ind2=" "><subfield code="b">UMN</subfield><subfield code="c">UMN</subfield><subfield code="d">20190222</subfield><subfield code="s">google</subfield><subfield code="u">umn.31951d005593938</subfield><subfield code="z">1964/65</subfield><subfield code="y">1965</subfield><subfield code="r">ic</subfield><subfield code="q">bib</subfield><subfield code="t">US fed doc--smithsonian: pubdate &gt;= 1927</subfield></datafield><datafield tag="974" ind1=" " ind2=" "><subfield code="b">MIU</subfield><subfield code="c">MIU</subfield><subfield code="d">20211114</subfield><subfield code="s">google</subfield><subfield code="u">mdp.39015019191462</subfield><subfield code="z">1965-1966</subfield><subfield code="y">1966</subfield><subfield code="r">ic</subfield><subfield code="q">bib</subfield><subfield code="t">US fed doc--smithsonian: pubdate &gt;= 1927</subfield></datafield><datafield tag="974" ind1=" " ind2=" "><subfield code="b">MIU</subfield><subfield code="c">MIU</subfield><subfield code="d">20211114</subfield><subfield code="s">google</subfield><subfield code="u">mdp.39015038658475</subfield><subfield code="z">1965/1966-1966/1967</subfield><subfield code="y">1967</subfield><subfield code="r">ic</subfield><subfield code="q">bib</subfield><subfield code="t">US fed doc--smithsonian: pubdate &gt;= 1927</subfield></datafield><datafield tag="974" ind1=" " ind2=" "><subfield code="b">MIU</subfield><subfield code="c">MIU</subfield><subfield code="d">20211114</subfield><subfield code="s">google</subfield><subfield code="u">mdp.39015038658483</subfield><subfield code="z">1966/1967-1967/1968</subfield><subfield code="y">1968</subfield><subfield code="r">ic</subfield><subfield code="q">bib</subfield><subfield code="t">US fed doc--smithsonian: pubdate &gt;= 1927</subfield></datafield><datafield tag="974" ind1=" " ind2=" "><subfield code="b">MIU</subfield><subfield code="c">MIU</subfield><subfield code="d">20211114</subfield><subfield code="s">google</subfield><subfield code="u">mdp.39015038658491</subfield><subfield code="z">1968/1969</subfield><subfield code="y">1969</subfield><subfield code="r">ic</subfield><subfield code="q">bib</subfield><subfield code="t">US fed doc--smithsonian: pubdate &gt;= 1927</subfield></datafield><datafield tag="974" ind1=" " ind2=" "><subfield code="b">MIU</subfield><subfield code="c">MIU</subfield><subfield code="d">20211114</subfield><subfield code="s">google</subfield><subfield code="u">mdp.39015038658509</subfield><subfield code="z">1969-1972</subfield><subfield code="y">1972</subfield><subfield code="r">ic</subfield><subfield code="q">bib</subfield><subfield code="t">US fed doc--smithsonian: pubdate &gt;= 1927</subfield></datafield><datafield tag="974" ind1=" " ind2=" "><subfield code="b">MIU</subfield><subfield code="c">MIU</subfield><subfield code="d">20211114</subfield><subfield code="s">google</subfield><subfield code="u">mdp.39015038658517</subfield><subfield code="z">1973-1974</subfield><subfield code="y">1974</subfield><subfield code="r">ic</subfield><subfield code="q">bib</subfield><subfield code="t">US fed doc--smithsonian: pubdate &gt;= 1927</subfield></datafield><datafield tag="974" ind1=" " ind2=" "><subfield code="b">MIU</subfield><subfield code="c">MIU</subfield><subfield code="d">20211114</subfield><subfield code="s">google</subfield><subfield code="u">mdp.39015038658525</subfield><subfield code="z">1974-1975</subfield><subfield code="y">1975</subfield><subfield code="r">ic</subfield><subfield code="q">bib</subfield><subfield code="t">US fed doc--smithsonian: pubdate &gt;= 1927</subfield></datafield><datafield tag="974" ind1=" " ind2=" "><subfield code="b">MIU</subfield><subfield code="c">MIU</subfield><subfield code="d">20211114</subfield><subfield code="s">google</subfield><subfield code="u">mdp.39015005273555</subfield><subfield code="z">1975-1976</subfield><subfield code="y">1976</subfield><subfield code="r">ic</subfield><subfield code="q">bib</subfield><subfield code="t">US fed doc--smithsonian: pubdate &gt;= 1927</subfield></datafield><datafield tag="974" ind1=" " ind2=" "><subfield code="b">MIU</subfield><subfield code="c">MIU</subfield><subfield code="d">20211114</subfield><subfield code="s">google</subfield><subfield code="u">mdp.39015081146683</subfield><subfield code="z">1964-1966</subfield><subfield code="y">1966</subfield><subfield code="r">ic</subfield><subfield code="q">bib</subfield><subfield code="t">US fed doc--smithsonian: pubdate &gt;= 1927</subfield></datafield><datafield tag="974" ind1=" " ind2=" "><subfield code="b">MIU</subfield><subfield code="c">MIU</subfield><subfield code="d">20211114</subfield><subfield code="s">google</subfield><subfield code="u">mdp.39015081146675</subfield><subfield code="z">1969-1971</subfield><subfield code="y">1971</subfield><subfield code="r">ic</subfield><subfield code="q">bib</subfield><subfield code="t">US fed doc--smithsonian: pubdate &gt;= 1927</subfield></datafield><datafield tag="974" ind1=" " ind2=" "><subfield code="b">MIU</subfield><subfield code="c">MIU</subfield><subfield code="d">20211114</subfield><subfield code="s">google</subfield><subfield code="u">mdp.39015081146527</subfield><subfield code="z">1972-1973</subfield><subfield code="y">1973</subfield><subfield code="r">ic</subfield><subfield code="q">bib</subfield><subfield code="t">US fed doc--smithsonian: pubdate &gt;= 1927</subfield></datafield><datafield tag="974" ind1=" " ind2=" "><subfield code="b">MIU</subfield><subfield code="c">MIU</subfield><subfield code="d">20211114</subfield><subfield code="s">google</subfield><subfield code="u">mdp.39015081146378</subfield><subfield code="z">1974</subfield><subfield code="y">1974</subfield><subfield code="r">ic</subfield><subfield code="q">bib</subfield><subfield code="t">US fed doc--smithsonian: pubdate &gt;= 1927</subfield></datafield><datafield tag="974" ind1=" " ind2=" "><subfield code="b">MIU</subfield><subfield code="c">MIU</subfield><subfield code="d">20211114</subfield><subfield code="s">google</subfield><subfield code="u">mdp.39015081146360</subfield><subfield code="z">1975</subfield><subfield code="y">1975</subfield><subfield code="r">ic</subfield><subfield code="q">bib</subfield><subfield code="t">US fed doc--smithsonian: pubdate &gt;= 1927</subfield></datafield><datafield tag="974" ind1=" " ind2=" "><subfield code="b">MIU</subfield><subfield code="c">MIU</subfield><subfield code="d">20211114</subfield><subfield code="s">google</subfield><subfield code="u">mdp.39015081146519</subfield><subfield code="z">1976</subfield><subfield code="y">1976</subfield><subfield code="r">ic</subfield><subfield code="q">bib</subfield><subfield code="t">US fed doc--smithsonian: pubdate &gt;= 1927</subfield></datafield><datafield tag="974" ind1=" " ind2=" "><subfield code="b">MIU</subfield><subfield code="c">MIU</subfield><subfield code="d">20211114</subfield><subfield code="s">google</subfield><subfield code="u">mdp.39015081146667</subfield><subfield code="z">1978</subfield><subfield code="y">1978</subfield><subfield code="r">ic</subfield><subfield code="q">bib</subfield><subfield code="t">US fed doc--smithsonian: pubdate &gt;= 1927</subfield></datafield><datafield tag="974" ind1=" " ind2=" "><subfield code="b">MIU</subfield><subfield code="c">MIU</subfield><subfield code="d">20211114</subfield><subfield code="s">google</subfield><subfield code="u">mdp.39015081146659</subfield><subfield code="z">1979</subfield><subfield code="y">1979</subfield><subfield code="r">ic</subfield><subfield code="q">bib</subfield><subfield code="t">US fed doc--smithsonian: pubdate &gt;= 1927</subfield></datafield><datafield tag="974" ind1=" " ind2=" "><subfield code="b">MIU</subfield><subfield code="c">MIU</subfield><subfield code="d">20211114</subfield><subfield code="s">google</subfield><subfield code="u">mdp.39015081146501</subfield><subfield code="z">1980</subfield><subfield code="y">1980</subfield><subfield code="r">ic</subfield><subfield code="q">bib</subfield><subfield code="t">US fed doc--smithsonian: pubdate &gt;= 1927</subfield></datafield><datafield tag="974" ind1=" " ind2=" "><subfield code="b">MIU</subfield><subfield code="c">MIU</subfield><subfield code="d">20211114</subfield><subfield code="s">google</subfield><subfield code="u">mdp.39015081146352</subfield><subfield code="z">1981</subfield><subfield code="y">1981</subfield><subfield code="r">ic</subfield><subfield code="q">bib</subfield><subfield code="t">US fed doc--smithsonian: pubdate &gt;= 1927</subfield></datafield><datafield tag="974" ind1=" " ind2=" "><subfield code="b">MIU</subfield><subfield code="c">MIU</subfield><subfield code="d">20211114</subfield><subfield code="s">google</subfield><subfield code="u">mdp.39015081146642</subfield><subfield code="z">1984</subfield><subfield code="y">1984</subfield><subfield code="r">ic</subfield><subfield code="q">bib</subfield><subfield code="t">US fed doc--smithsonian: pubdate &gt;= 1927</subfield></datafield><datafield tag="974" ind1=" " ind2=" "><subfield code="b">UC</subfield><subfield code="c">UCLA</subfield><subfield code="d">20191119</subfield><subfield code="s">google</subfield><subfield code="u">uc1.l0078938099</subfield><subfield code="z">yr.1977</subfield><subfield code="y">1977</subfield><subfield code="r">ic</subfield><subfield code="q">bib</subfield><subfield code="t">US fed doc--smithsonian: pubdate &gt;= 1927</subfield></datafield><datafield tag="974" ind1=" " ind2=" "><subfield code="b">UC</subfield><subfield code="c">UCLA</subfield><subfield code="d">20191119</subfield><subfield code="s">google</subfield><subfield code="u">uc1.l0073822181</subfield><subfield code="z">yr.1992-94</subfield><subfield code="y">1994</subfield><subfield code="r">ic</subfield><subfield code="q">bib</subfield><subfield code="t">US fed doc--smithsonian: pubdate &gt;= 1927</subfield></datafield><datafield tag="974" ind1=" " ind2=" "><subfield code="b">UC</subfield><subfield code="c">UCLA</subfield><subfield code="d">20191119</subfield><subfield code="s">google</subfield><subfield code="u">uc1.l0074439415</subfield><subfield code="z">yr.1995</subfield><subfield code="y">1995</subfield><subfield code="r">ic</subfield><subfield code="q">bib</subfield><subfield code="t">US fed doc--smithsonian: pubdate &gt;= 1927</subfield></datafield><datafield tag="974" ind1=" " ind2=" "><subfield code="b">UC</subfield><subfield code="c">UCLA</subfield><subfield code="d">20201101</subfield><subfield code="s">google</subfield><subfield code="u">uc1.l0081630741</subfield><subfield code="z">yr.1996-99</subfield><subfield code="y">1999</subfield><subfield code="r">ic</subfield><subfield code="q">bib</subfield><subfield code="t">US fed doc--smithsonian: pubdate &gt;= 1927</subfield></datafield><datafield tag="974" ind1=" " ind2=" "><subfield code="b">UC</subfield><subfield code="c">UCLA</subfield><subfield code="d">20201101</subfield><subfield code="s">google</subfield><subfield code="u">uc1.l0084182476</subfield><subfield code="z">yr.2000-01</subfield><subfield code="y">2001</subfield><subfield code="r">ic</subfield><subfield code="q">bib</subfield><subfield code="t">US fed doc--smithsonian: pubdate &gt;= 1927</subfield></datafield></record>